=LDR  01787cam a22004335i 4500
=001  019448954
=003  Uk
=005  20230223170901.0
=006  m\\\\||\\d\|\\\\\\
=007  cr\|||||||||||
=008  190626s2018\\\\enk|||||o\\\\f00|\||eng\\
=FMT  \\$a  BK
=037  \\$a00203698$bDandy Booksellers Ltd$nPublic Information Online
=040  \\$aUk$beng$cUk
=082  04$a328.4104$223
=110  1\$aGreat Britain.$bDepartment for Business, Energy & Industrial Strategy.
=245  10$aModernising consumer markets :$bConsumer Green Paper /$cUK Parliament Department for Business, Energy and Industrial Strategy (Formerly Department for Business, Innovation and Skills).
=264  \1$a[London] :$b[Dandy Booksellers Ltd],$c[2018-04-11]
=300  \\$a1 online resource (75 pages)
=336  \\$atext$2rdacontent
=337  \\$acomputer$2rdamedia
=338  \\$aonline resource$2rdacarrier
=490  0\$aUK Parliament Command Paper, session 2017/19 ;$vCM 9595
=655  \7$aLegislative materials.$2fast$0(OCoLC)fst01774285
=856  4\$uhttp://www.publicinformationonline.com/download/203698
=884  \\$aLDL ebooks transformation to marcxml using dandy_eb2marc.xsl$g20190626$k00203698$qUk
=859  \\$aELD$bebook
=985  \\$aUpdated by MS generated file for WR2302-017
=CAT  \\$aBATCH-EBKN$b00$c20190629$lBLL01$h0201
=CAT  \\$aEBKS-FXD$c20190629$lBLL01$h0214
=CAT  \\$aBATCH$b00$c20190629$lBLL01$h0215
=CAT  \\$a8250$b40$c20190708$lBLL01$h1511
=CAT  \\$a5194$b40$c20210413$lBLL01$h1202
=CAT  \\$aBATCH-UPD$b40$c20210413$lBLL01$h1202
=CAT  \\$aW2302-0174$c20230223$lBLL01$h2040
=DRT  \\$aLD-ebooks
=SRC  \\$aCollection Metadata
=STA  \\$aSUPPRESSED$bDuplicate of Aleph 018849271
=LAS  \\$aW2302-0174$b00$c20230223$lBLL01$h2040

