=LDR  01756cam a22004095i 4500
=001  020330004
=003  Uk
=005  20230223172346.0
=006  m\\\\||\\d\|\\\\\\
=007  cr\|||||||||||
=008  210914s2017\\\\enk|||||o\\\\f00|\||eng\\
=FMT  \\$a  BK
=037  \\$a00155520$bDandy Booksellers Ltd$nPublic Information Online
=040  \\$aUk$beng$cUk$dUk
=082  04$a328.4104$223
=110  1\$aGreat Britain.$bParliament.$bHouse of Lords.$bSelect Committee on Long-term Sustainability of the NHS.
=245  10$aLong-term Sustainability of the NHS Select Committee 1st Report. The Long-term Sustainability of the NHS and Adult Social Care,$nVolume 2,$pOral evidence /$cUK Parliament Long-term Sustainability of the NHS Select Committee.
=264  \1$a[London] :$b[Dandy Booksellers Ltd],$c[2017-10-20]
=300  \\$a1 online resource (740 pages)
=336  \\$atext$2rdacontent
=337  \\$acomputer$2rdamedia
=338  \\$aonline resource$2rdacarrier
=490  0\$aHouse of Lords papers, session 2016/17 ;$vHL 151
=655  \7$aLegislative materials.$2fast$0(OCoLC)fst01774285
=856  4\$uhttp://www.publicinformationonline.com/download/155520
=884  \\$aLDL ebooks transformation to marcxml using dandy_eb2marc.xsl$g20210914$k00155520$qUk
=859  \\$aELD$bebook
=985  \\$aUpdated by MS generated file for WR2302-017
=CAT  \\$aBATCH-EBKN$b00$c20210917$lBLL01$h0207
=CAT  \\$aEBKS-FXD$c20210917$lBLL01$h0211
=CAT  \\$aBATCH$b00$c20210917$lBLL01$h0212
=CAT  \\$a9668$b40$c20211207$lBLL01$h1218
=CAT  \\$aW2302-0174$c20230223$lBLL01$h2054
=DRT  \\$aLD-ebooks
=SRC  \\$aCollection Metadata
=STA  \\$aSUPPRESSED$bDuplicate of Aleph 018647550
=LAS  \\$aW2302-0174$b00$c20230223$lBLL01$h2054

