=LDR  01622cam a22004095i 4500
=001  020352759
=003  Uk
=005  20230223172411.0
=006  m\\\\||\\d\|\\\\\\
=007  cr\|||||||||||
=008  211004s2020\\\\enk|||||o\\\\f00|\||eng\\
=FMT  \\$a  BK
=037  \\$a00211931$bDandy Booksellers Ltd$nPublic Information Online
=040  \\$aUk$beng$cUk$dUk
=082  04$a328.4104$223
=110  1\$aGreat Britain.$bParliament.$bHouse of Commons.$bStandards Committee.
=245  10$aStandards Committee 5th Report. Mr Marcus Fysh,$nVolume 2,$pOral and written evidence /$cUK Parliament Standards Committee.
=264  \1$a[London] :$b[Dandy Booksellers Ltd],$c[2020-06-18]
=300  \\$a1 online resource (57 pages)
=336  \\$atext$2rdacontent
=337  \\$acomputer$2rdamedia
=338  \\$aonline resource$2rdacarrier
=490  0\$aHouse of Commons papers, session 2019/21 ;$vHC 213
=655  \7$aLegislative materials.$2fast$0(OCoLC)fst01774285
=856  4\$uhttp://www.publicinformationonline.com/download/211931
=884  \\$aLDL ebooks transformation to marcxml using dandy_eb2marc.xsl$g20211004$k00211931$qUk
=859  \\$aELD$bebook
=985  \\$aUpdated by MS generated file for WR2302-017
=CAT  \\$aBATCH-EBKN$b00$c20211007$lBLL01$h0220
=CAT  \\$aEBKS-FXD$c20211007$lBLL01$h0231
=CAT  \\$aBATCH$b00$c20211007$lBLL01$h0231
=CAT  \\$a9668$b40$c20211207$lBLL01$h1216
=CAT  \\$aW2302-0174$c20230223$lBLL01$h2055
=DRT  \\$aLD-ebooks
=SRC  \\$aCollection Metadata
=STA  \\$aSUPPRESSED$bDuplicate of Aleph 019837163
=LAS  \\$aW2302-0174$b00$c20230223$lBLL01$h2055

