=LDR  01932cam a22004455i 4500
=001  020366847
=003  Uk
=005  20230223172426.0
=006  m\\\\||\\d\|\\\\\\
=007  cr\|||||||||||
=008  211018s2021\\\\enk|||||o\\\\f00|\||eng\\
=FMT  \\$a  BK
=020  \\$a9781801395137$qElectronic book (PDF format)
=037  \\$a00225219$bDandy Booksellers Ltd$nPublic Information Online
=040  \\$aUk$beng$cUk$dUk
=082  04$a328.4104$223
=110  1\$aGreat Britain.$bParliament.$bHouse of Commons.$bDigital, Culture, Media and Sport Committee.
=245  14$aThe future of public service broadcasting :$bGovernment Response to Committee's Sixth Report of Session 2019-21 : First Special Report of Session 2021-22 /$cUK Parliament Digital, Culture, Media and Sport Committee.
=264  \1$a[London] :$b[Dandy Booksellers Ltd],$c[2021-06-17]
=300  \\$a1 online resource (12 pages)
=336  \\$atext$2rdacontent
=337  \\$acomputer$2rdamedia
=338  \\$aonline resource$2rdacarrier
=490  0\$aHouse of Commons papers, session 2021/22 ;$vHC 273
=655  \7$aLegislative materials.$2fast$0(OCoLC)fst01774285
=856  4\$uhttp://www.publicinformationonline.com/download/225219
=884  \\$aLDL ebooks transformation to marcxml using dandy_eb2marc.xsl$g20211018$k00225219$qUk
=859  \\$aELD$bebook
=985  \\$aResubmitted eBook record match on ISBN to existing record 020254304
=985  \\$aUpdated by MS generated file for WR2302-017
=CAT  \\$aBATCH-EBKN$b00$c20211021$lBLL01$h0205
=CAT  \\$aEBKS-FXD$c20211021$lBLL01$h0214
=CAT  \\$aBATCH$b00$c20211021$lBLL01$h0215
=CAT  \\$a3391$b40$c20211025$lBLL01$h1424
=CAT  \\$a9668$b40$c20211207$lBLL01$h1213
=CAT  \\$aW2302-0174$c20230223$lBLL01$h2055
=DRT  \\$aLD-ebooks
=SRC  \\$aCollection Metadata
=STA  \\$aSUPPRESSED$bDuplicate of Aleph 020254304
=LAS  \\$aW2302-0174$b00$c20230223$lBLL01$h2055

