=LDR  02009cam a22004575i 4500
=001  020404337
=003  Uk
=005  20230223172506.0
=006  m\\\\||\\d\|\\\\\\
=007  cr\|||||||||||
=008  211122s2021\\\\enk|||||o\\\\f00|\||eng\\
=FMT  \\$a  BK
=020  \\$a9781801409483$qElectronic book (PDF format)
=037  \\$a00230696$bDandy Booksellers Ltd$nPublic Information Online
=040  \\$aUk$beng$cUk$dUk
=082  04$a328.4104$223
=110  10$aGreat Britain.$bParliament.$bHouse of Commons.$bInternational Development Committee.
=245  10$aInternational Development Committee 3rd Special Report. DFID's results in nutrition Review :$breport from the Sub-Committee on the work of ICAI: Government response to the Committee's First Report /$cUK Parliament International Development Committee.
=264  \1$a[London] :$b[Dandy Booksellers Ltd],$c[2021-10-22]
=300  \\$a1 online resource (8 pages)
=336  \\$atext$2rdacontent
=337  \\$acomputer$2rdamedia
=338  \\$aonline resource$2rdacarrier
=490  0\$aHouse of Commons papers, session 2021/22 ;$vHC 780
=655  \7$aLegislative materials.$2fast$0(OCoLC)fst01774285
=856  4\$uhttp://www.publicinformationonline.com/download/230696
=884  \\$aLDL ebooks transformation to marcxml using dandy_eb2marc.xsl$g20211122$k00230696$qUk
=859  \\$aELD$bebook
=985  \\$aResubmitted eBook record match on ISBN to existing record 020395618
=985  \\$aUpdated by MS generated file for WR2302-017
=CAT  \\$aBATCH-EBKN$b00$c20211125$lBLL01$h0204
=CAT  \\$aBATCH-UPD$b00$c20211125$lBLL01$h0204
=CAT  \\$aEBKS-FXD$c20211125$lBLL01$h0209
=CAT  \\$aBATCH$b00$c20211125$lBLL01$h0210
=CAT  \\$a9668$b40$c20211207$lBLL01$h1204
=CAT  \\$a9668$b40$c20211207$lBLL01$h1207
=CAT  \\$aW2302-0174$c20230223$lBLL01$h2056
=DRT  \\$aLD-ebooks
=SRC  \\$aCollection Metadata
=STA  \\$aSUPPRESSED$bDuplicate of Aleph 020395618
=LAS  \\$aW2302-0174$b00$c20230223$lBLL01$h2056

